@book{Ashenden:609207,
      author        = "Ashenden, Peter J",
      title         = "{The Student's Guide to VHDL}",
      publisher     = "Morgan and Kaufmann",
      address       = "San Francisco, CA",
      year          = "1998",
      url           = "https://cds.cern.ch/record/609207",
}

@manual{RISC,
      author        = "Andrew Waterman, Yunsup Lee, David Patterson and Krste Asanovi",
      title         = "{The RISC-V Instruction Set Manual Volume I}",
      address       = "University of Berkeley, California",
      organization  = "CS Division, EECS Department",
      edition       = "v. 2.1",
      year          = "2016",
      url           = "https://riscv.org/",
}

@book{Chu,
    author = {Chu, Pong P.},
    title = {FPGA Prototyping by VHDL Examples: Xilinx Spartan-3 Version},
    isbn = {0470185317, 9780470185315},
} 

